<?xml version="1.0" encoding="UTF-8"?>
  <record xmlns="http://www.loc.gov/MARC21/slim" type="Authority">
    <leader>00000nz  a2200000nc 4500</leader>
    <controlfield tag="001">104183578</controlfield>
    <controlfield tag="003">DE-101</controlfield>
    <controlfield tag="005">20211129152502.0</controlfield>
    <controlfield tag="008">960415n||aznnnaabn           | aaa    |c</controlfield>
    <datafield tag="024" ind1="7" ind2=" ">
      <subfield code="a">104183578</subfield>
      <subfield code="0">http://d-nb.info/gnd/104183578</subfield>
      <subfield code="2">gnd</subfield>
    </datafield>
    <datafield tag="035" ind1=" " ind2=" ">
      <subfield code="a">(DE-101)104183578</subfield>
    </datafield>
    <datafield tag="035" ind1=" " ind2=" ">
      <subfield code="a">(DE-588)104183578</subfield>
    </datafield>
    <datafield tag="035" ind1=" " ind2=" ">
      <subfield code="z">(DE-588)122575067</subfield>
    </datafield>
    <datafield tag="035" ind1=" " ind2=" ">
      <subfield code="z">(DE-588a)122575067</subfield>
      <subfield code="9">v:zg</subfield>
    </datafield>
    <datafield tag="035" ind1=" " ind2=" ">
      <subfield code="z">(DE-588a)104183578</subfield>
      <subfield code="9">v:zg</subfield>
    </datafield>
    <datafield tag="040" ind1=" " ind2=" ">
      <subfield code="a">DE-12</subfield>
      <subfield code="c">DE-12</subfield>
      <subfield code="9">r:DE-12</subfield>
      <subfield code="b">ger</subfield>
      <subfield code="d">1031</subfield>
    </datafield>
    <datafield tag="042" ind1=" " ind2=" ">
      <subfield code="a">gnd1</subfield>
    </datafield>
    <datafield tag="043" ind1=" " ind2=" ">
      <subfield code="c">XA-DE</subfield>
    </datafield>
    <datafield tag="075" ind1=" " ind2=" ">
      <subfield code="b">p</subfield>
      <subfield code="2">gndgen</subfield>
    </datafield>
    <datafield tag="075" ind1=" " ind2=" ">
      <subfield code="b">piz</subfield>
      <subfield code="2">gndspec</subfield>
    </datafield>
    <datafield tag="079" ind1=" " ind2=" ">
      <subfield code="a">g</subfield>
      <subfield code="q">a</subfield>
      <subfield code="q">f</subfield>
    </datafield>
    <datafield tag="100" ind1="0" ind2=" ">
      <subfield code="a">Sylvius</subfield>
      <subfield code="c">Württemberg-Oels, Herzog</subfield>
      <subfield code="d">1660-1660</subfield>
    </datafield>
    <datafield tag="400" ind1="0" ind2=" ">
      <subfield code="a">Silvius</subfield>
      <subfield code="b">III.</subfield>
      <subfield code="c">Württemberg, Herzog</subfield>
      <subfield code="d">1660-1660</subfield>
    </datafield>
    <datafield tag="400" ind1="0" ind2=" ">
      <subfield code="a">Sylvius Nimrod</subfield>
      <subfield code="d">1660-1660</subfield>
    </datafield>
    <datafield tag="400" ind1="0" ind2=" ">
      <subfield code="a">Sylvius</subfield>
      <subfield code="c">Wirtenberga, Dux</subfield>
      <subfield code="d">1660-1660</subfield>
    </datafield>
    <datafield tag="400" ind1="0" ind2=" ">
      <subfield code="a">Sylvius</subfield>
      <subfield code="c">Würtemberg und Teck, Herzog</subfield>
      <subfield code="d">1660-1660</subfield>
    </datafield>
    <datafield tag="400" ind1="0" ind2=" ">
      <subfield code="a">Sylvius</subfield>
      <subfield code="c">Würtemberg, Herzog</subfield>
      <subfield code="d">1660-1660</subfield>
    </datafield>
    <datafield tag="400" ind1="0" ind2=" ">
      <subfield code="a">Sylvius</subfield>
      <subfield code="c">Wurtemberga, Dux</subfield>
      <subfield code="d">1660-1660</subfield>
    </datafield>
    <datafield tag="400" ind1="0" ind2=" ">
      <subfield code="a">Sylvius</subfield>
      <subfield code="c">Würtenberg und Teck, Herzog</subfield>
      <subfield code="d">1660-1660</subfield>
    </datafield>
    <datafield tag="400" ind1="0" ind2=" ">
      <subfield code="a">Sylvius</subfield>
      <subfield code="c">Würtenberga, Dux</subfield>
      <subfield code="d">1660-1660</subfield>
    </datafield>
    <datafield tag="400" ind1="0" ind2=" ">
      <subfield code="a">Sylvius</subfield>
      <subfield code="c">Württemberg, Herzog</subfield>
      <subfield code="d">1660-1660</subfield>
    </datafield>
    <datafield tag="400" ind1="0" ind2=" ">
      <subfield code="a">Sylvius</subfield>
      <subfield code="c">Württemberg-Teck, Herzog</subfield>
      <subfield code="d">1660-1660</subfield>
    </datafield>
    <datafield tag="400" ind1="0" ind2=" ">
      <subfield code="a">Sylvius</subfield>
      <subfield code="c">Württemberg-Teck-Oels, Herzog</subfield>
      <subfield code="d">1660-1660</subfield>
    </datafield>
    <datafield tag="400" ind1="0" ind2=" ">
      <subfield code="a">Sylvius</subfield>
      <subfield code="b">III.</subfield>
      <subfield code="c">Württemberg-Oels, Herzog</subfield>
      <subfield code="d">1660-1660</subfield>
    </datafield>
    <datafield tag="400" ind1="1" ind2=" ">
      <subfield code="a">Nimrod, Sylvius</subfield>
      <subfield code="d">1660-1660</subfield>
    </datafield>
    <datafield tag="548" ind1=" " ind2=" ">
      <subfield code="a">1660-1660</subfield>
      <subfield code="4">datl</subfield>
      <subfield code="4">https://d-nb.info/standards/elementset/gnd#dateOfBirthAndDeath</subfield>
      <subfield code="w">r</subfield>
      <subfield code="i">Lebensdaten</subfield>
    </datafield>
    <datafield tag="548" ind1=" " ind2=" ">
      <subfield code="a">-17.06.1660</subfield>
      <subfield code="4">datx</subfield>
      <subfield code="4">https://d-nb.info/standards/elementset/gnd#dateOfDeath</subfield>
      <subfield code="w">r</subfield>
      <subfield code="i">Exakte Lebensdaten</subfield>
      <subfield code="9">v:and. Geb. u. Sterbedatum 08.06.1660</subfield>
    </datafield>
    <datafield tag="667" ind1=" " ind2=" ">
      <subfield code="a">3</subfield>
    </datafield>
    <datafield tag="672" ind1=" " ind2="0">
      <subfield code="a">Ortlob, Carl: Würtembergisch-Oelßnische Himmelfahrt ... . - 1661</subfield>
    </datafield>
    <datafield tag="678" ind1=" " ind2=" ">
      <subfield code="a">Fünfter Sohn des Herzogs Sylvius von Württemberg</subfield>
    </datafield>
    <datafield tag="913" ind1=" " ind2=" ">
      <subfield code="S">pnd</subfield>
      <subfield code="i">5</subfield>
      <subfield code="a">Silvius &lt;Württemberg, Herzog, III.&gt;</subfield>
      <subfield code="0">(DE-588a)104183578</subfield>
    </datafield>
    <datafield tag="913" ind1=" " ind2=" ">
      <subfield code="S">pnd</subfield>
      <subfield code="i">5</subfield>
      <subfield code="a">Sylvius &lt;Württemberg-Oels, Herzog&gt;</subfield>
      <subfield code="0">(DE-588a)122575067</subfield>
    </datafield>
  </record>
